
@book{errorAnalysisBook,
  title={An introduction to error analysis: the study of uncertainties in physical measurements},
  author={Taylor, John Robert and Thompson, William},
  volume={2},
  year={1982},
  publisher={Springer},
  pages={45-154},
  isbn={9780935702750}
}

@book{RungeKutta,
  title={Numerical recipes 3rd edition: The art of scientific computing},
  author={Press, William H},
  year={2007},
  publisher={Cambridge university press},
  pages={907-915},
  isbn= {9780521880688}
}

@book{batchelor2000introduction,
  title={An introduction to fluid dynamics},
  author={Batchelor, George Keith},
  year={2000},
  publisher={Cambridge university press},
  pages={131-170}
}

@book{landau2015computational,
  title={Computational Physics: Problem Solving with Python},
  author={Landau, Rubin H. and Bordeianu, Cristian C.},
  year={2015},
  publisher={John Wiley \& Sons},
  pages={86-87, 177-178}
}

@book{thermalBook,
    author = {Blundell, Stephen J. and Blundell, Katherine M.},
    title = "{Concepts in Thermal Physics}",
    publisher = {Oxford University Press},
    year = {2009},
    month = {10},
    isbn = {9780199562091},
    doi = {10.1093/acprof:oso/9780199562091.001.0001},
    pages = {6-7}
}