
@book{errorAnalysisBook,
  title={An introduction to error analysis: the study of uncertainties in physical measurements},
  author={Taylor, John Robert and Thompson, William},
  volume={2},
  year={1982},
  publisher={Springer},
  pages={45-154},
  isbn={9780935702750}
}

@book{RungeKutta,
  title={Numerical recipes 3rd edition: The art of scientific computing},
  author={Press, William H},
  year={2007},
  publisher={Cambridge university press},
  pages={907-915},
  isbn= {9780521880688}
}

@book{batchelor2000introduction,
  title={An introduction to fluid dynamics},
  author={Batchelor, George Keith},
  year={2000},
  publisher={Cambridge university press},
  pages={131-170}
}